@inbook{gpt_burden_annotation,
	author = {Gray, Morgan and Savelka, Jaromir and Oliver, Wesley and Ashley, Kevin},
	year = {2023},
	month = {12},
	pages = {},
	title = {Can GPT Alleviate the Burden of Annotation?},
	isbn = {9781643684727},
	doi = {10.3233/FAIA230961}
}


@article{SANSONE2022101967,
	title = {Legal Information Retrieval systems: State-of-the-art and open issues},
	journal = {Information Systems},
	volume = {106},
	pages = {101967},
	year = {2022},
	issn = {0306-4379},
	doi = {https://doi.org/10.1016/j.is.2021.101967},
	url = {https://www.sciencedirect.com/science/article/pii/S0306437921001551},
	author = {Carlo Sansone and Giancarlo Sperl√≠},
	keywords = {Legal Information Retrieval, Artificial Intelligence, Natural Processing Language, Ontology},
}


@article{openbaarmaking_beschikkingen_johan,
	title = "Actieve openbaarmaking van beschikkingen: Op weg naar transparante besluitvorming {\textquoteleft}nieuwe stijl{\textquoteright}?",
	abstract = "De Wet open overheid zal op termijn verplichten tot actieve openbaarmaking van beschikkingen. Wanneer dergelijke, op individuele gevallen toegespitste overheidsbesluiten voor een ieder beschikbaar komen, kan de betekenis van beschikkingen het individuele geval overstijgen. Deze bijdrage verkent dit supra-individuele effect van de {\textquoteleft}open beschikking{\textquoteright}, die kan leiden tot transformatie van bestaande transparantiewaarborgen in het besluitvormingsproces en daarmee tot versterking van de {\textquoteleft}waarborgfunctie{\textquoteright} van het bestuursrecht.",
	keywords = "Openbaarmaking, Beschikking, Transparantie, Besluitvorming, Bestuursrecht",
	author = "Johan Wolswinkel",
	year = "2024",
	month = jul,
	day = "5",
	language = "Dutch",
	volume = "2024",
	pages = "1851--1857",
	journal = "Nederlands Juristenblad ",
	issn = "0165-0483",
	publisher = "Wolters Kluwer",
	number = "24",
}


@inbook{IE_lengthy_legal_contracts,
	author = {Zin, May and Nguyen, Ha-Thanh and Satoh, Ken and Sugawara, Saku and Nishino, Fumihito},
	year = {2023},
	month = {12},
	pages = {},
	title = {Information Extraction from Lengthy Legal Contracts: Leveraging Query-Based Summarization and GPT-3.5},
	isbn = {9781643684727},
	doi = {10.3233/FAIA230963}
}